% Encoding: UTF-8


@ARTICLE{huang2021,
       author = {{Huang}, Zhi-Peng and {Yan}, Zhen and {Shen}, Zhi-Qiang and {Tong}, Hao and {Lin}, Lin and {Yuan}, Jian-Ping and {Liu}, Jie and {Zhao}, Ru-Shuang and {Ge}, Ming-Yu and {Wang}, Rui},
        title = "{Simultaneous 2.25/8.60 GHz observations of the newly discovered magnetar - Swift J1818.0-1607}",
      journal = {\mnras},
     keywords = {stars: magnetars, stars: neutron, pulsars: individual: Swift J1818.0-1607, Astrophysics - High Energy Astrophysical Phenomena},
         year = 2021,
        month = jul,
       volume = {505},
       number = {1},
        pages = {1311-1315},
          doi = {10.1093/mnras/stab1362},
archivePrefix = {arXiv},
       eprint = {2105.03580},
 primaryClass = {astro-ph.HE},
       adsurl = {https://ui.adsabs.harvard.edu/abs/2021MNRAS.505.1311H},
      adsnote = {Provided by the SAO/NASA Astrophysics Data System}
}

@ARTICLE{beloborodov2009,
       author = {{Beloborodov}, Andrei M.},
        title = "{Untwisting Magnetospheres of Neutron Stars}",
      journal = {\apj},
     keywords = {plasmas, stars: magnetic fields, stars: neutron, Astrophysics},
         year = 2009,
        month = sep,
       volume = {703},
       number = {1},
        pages = {1044-1060},
          doi = {10.1088/0004-637X/703/1/1044},
archivePrefix = {arXiv},
       eprint = {0812.4873},
 primaryClass = {astro-ph},
       adsurl = {https://ui.adsabs.harvard.edu/abs/2009ApJ...703.1044B},
      adsnote = {Provided by the SAO/NASA Astrophysics Data System}
}

@ARTICLE{blumer2020,
       author = {{Blumer}, Harsha and {Safi-Harb}, Samar},
        title = "{Chandra Observations of the Newly Discovered Magnetar Swift J1818.0-1607}",
      journal = {\apjl},
     keywords = {High energy astrophysics, 739, Astrophysics - High Energy Astrophysical Phenomena},
         year = 2020,
        month = dec,
       volume = {904},
       number = {2},
          eid = {L19},
        pages = {L19},
          doi = {10.3847/2041-8213/abc6a2},
archivePrefix = {arXiv},
       eprint = {2011.00324},
 primaryClass = {astro-ph.HE},
       adsurl = {https://ui.adsabs.harvard.edu/abs/2020ApJ...904L..19B},
      adsnote = {Provided by the SAO/NASA Astrophysics Data System}
}

@ARTICLE{zhu2020,
       author = {{Zhu}, Weiwei and {Wang}, Bojun and {Zhou}, Dejiang and {Xu}, Heng and {Wang}, Pei and {Zhang}, Yongkun and {Feng}, Yi and {Han}, Jinlin and {Jiang}, Jinchen and {Lee}, Kejia and {Di}, Li and {Lin}, Lin and {Men}, Yunpeng and {Niu}, Jiarui and {Xu}, Renxin and {Yang}, Yuanpei and {Yu}, Wenfei and {Zhang}, Binbin and {Zhang}, Bing and {Zhang}, Chunfeng and {Zhang}, Bing and {Zhang}, Chunfeng},
        title = "{FAST detection of radio bursts and pulsed emission from SGR J1935+2154}",
      journal = {The Astronomer's Telegram},
     keywords = {Soft Gamma-ray Repeater, Pulsar, Fast Radio Burst, Magnetar},
         year = 2020,
        month = oct,
       volume = {14084},
        pages = {1},
       adsurl = {https://ui.adsabs.harvard.edu/abs/2020ATel14084....1Z},
      adsnote = {Provided by the SAO/NASA Astrophysics Data System}
}


@article{camilo20071e,
  title={1E 1547.0--5408: a radio-emitting magnetar with a rotation period of 2 seconds},
  author={Camilo, F and Ransom, SM and Halpern, JP and Reynolds, J},
  journal={The Astrophysical Journal Letters},
  volume={666},
  number={2},
  pages={L93},
  year={2007},
  publisher={IOP Publishing}
}

@article{scholz17,
	doi = {10.3847/1538-4357/aa73de},
	url = {https://doi.org/10.3847%2F1538-4357%2Faa73de},
	year = 2017,
	month = {jun},
	publisher = {American Astronomical Society},
	volume = {841},
	number = {2},
	pages = {126},
	author = {P. Scholz and F. Camilo and J. Sarkissian and J. E. Reynolds and L. Levin and M. Bailes and M. Burgay and S. Johnston and M. Kramer and A. Possenti},
	title = {Spin-down Evolution and Radio Disappearance of the Magnetar {PSR} J1622{\textendash}4950},
	journal = {The Astrophysical Journal},
	abstract = {
}}


@ARTICLE{lower2021,
       author = {{Lower}, M.~E. and {Johnston}, S. and {Shannon}, R.~M. and {Bailes}, M. and {Camilo}, F.},
        title = "{The dynamic magnetosphere of Swift J1818.0-1607}",
      journal = {\mnras},
     keywords = {stars: magnetars, stars: neutron, pulsars: individual: PSR J1818-1607, Astrophysics - High Energy Astrophysical Phenomena},
         year = 2021,
        month = mar,
       volume = {502},
       number = {1},
        pages = {127-139},
          doi = {10.1093/mnras/staa3789},
archivePrefix = {arXiv},
       eprint = {2011.12463},
 primaryClass = {astro-ph.HE},
       adsurl = {https://ui.adsabs.harvard.edu/abs/2021MNRAS.502..127L},
      adsnote = {Provided by the SAO/NASA Astrophysics Data System}
}


@ARTICLE{palmer2005,
       author = {{Palmer}, D.~M. and {Barthelmy}, S. and {Gehrels}, N. and {Kippen}, R.~M. and {Cayton}, T. and {Kouveliotou}, C. and {Eichler}, D. and {Wijers}, R.~A.~M.~J. and {Woods}, P.~M. and {Granot}, J. and {Lyubarsky}, Y.~E. and {Ramirez-Ruiz}, E. and {Barbier}, L. and {Chester}, M. and {Cummings}, J. and {Fenimore}, E.~E. and {Finger}, M.~H. and {Gaensler}, B.~M. and {Hullinger}, D. and {Krimm}, H. and {Markwardt}, C.~B. and {Nousek}, J.~A. and {Parsons}, A. and {Patel}, S. and {Sakamoto}, T. and {Sato}, G. and {Suzuki}, M. and {Tueller}, J.},
        title = "{A giant {\ensuremath{\gamma}}-ray flare from the magnetar SGR 1806 - 20}",
      journal = {\nat},
     keywords = {Astrophysics},
         year = 2005,
        month = apr,
       volume = {434},
       number = {7037},
        pages = {1107-1109},
          doi = {10.1038/nature03525},
archivePrefix = {arXiv},
       eprint = {astro-ph/0503030},
 primaryClass = {astro-ph},
       adsurl = {https://ui.adsabs.harvard.edu/abs/2005Natur.434.1107P},
      adsnote = {Provided by the SAO/NASA Astrophysics Data System}
}

@article{champion2020,
   title={High-cadence observations and variable spin behaviour of magnetar Swift J1818.0−1607 after its outburst},
   volume={498},
   ISSN={1365-2966},
   url={http://dx.doi.org/10.1093/mnras/staa2764},
   DOI={10.1093/mnras/staa2764},
   number={4},
   journal={Monthly Notices of the Royal Astronomical Society},
   publisher={Oxford University Press (OUP)},
   author={Champion, David and Cognard, Ismael and Cruces, Marilyn and Desvignes, Gregory and Jankowski, Fabian and Karuppusamy, Ramesh and Keith, Michael J and Kouveliotou, Chryssa and Kramer, Michael and Liu, Kuo and et al.},
   year={2020},
   month={Sep},
   pages={6044–6056}
}

@ARTICLE{cordes2002,
       author = {{Cordes}, J.~M. and {Lazio}, T.~J.~W.},
        title = "{NE2001.I. A New Model for the Galactic Distribution of Free Electrons and its Fluctuations}",
      journal = {arXiv e-prints},
     keywords = {Astrophysics},
         year = 2002,
        month = jul,
          eid = {astro-ph/0207156},
        pages = {astro-ph/0207156},
archivePrefix = {arXiv},
       eprint = {astro-ph/0207156},
 primaryClass = {astro-ph},
       adsurl = {https://ui.adsabs.harvard.edu/abs/2002astro.ph..7156C},
      adsnote = {Provided by the SAO/NASA Astrophysics Data System}
}


@article{Yao_2017,
	doi = {10.3847/1538-4357/835/1/29},
	url = {https://doi.org/10.3847%2F1538-4357%2F835%2F1%2F29},
	year = 2017,
	month = {jan},
	publisher = {American Astronomical Society},
	volume = {835},
	number = {1},
	pages = {29},
	author = {J. M. Yao and R. N. Manchester and N. Wang},
	title = {A {NEW} {ELECTRON}-{DENSITY} {MODEL} {FOR} {ESTIMATION} {OF} {PULSAR} {AND} {FRB} {DISTANCES}},
	journal = {The Astrophysical Journal},
	abstract = {}
}
@article{hankins2007,
  title={Radio emission signatures in the Crab pulsar},
  author={Hankins, TH and Eilek, JA},
  journal={The Astrophysical Journal},
  volume={670},
  number={1},
  pages={693},
  year={2007},
  publisher={IOP Publishing}
}

@article{camilo2007,
  title={The magnetar XTE J1810--197: variations in torque, radio flux density, and pulse profile morphology},
  author={Camilo, F and Cognard, Isma{\"e}l and Ransom, SM and Halpern, JP and Reynolds, J and Zimmerman, N and Gotthelf, EV and Helfand, DJ and Demorest, P and Theureau, Gilles and others},
  journal={The Astrophysical Journal},
  volume={663},
  number={1},
  pages={497},
  year={2007},
  publisher={IOP Publishing}
}



@ARTICLE{Gaensler2000,
       author = {{Gaensler}, B.~M. and {Frail}, D.~A.},
        title = "{A large age for the pulsar B1757-24 from an upper limit on its proper motion}",
      journal = {\nat},
     keywords = {Astrophysics},
         year = 2000,
        month = jul,
       volume = {406},
       number = {6792},
        pages = {158-160},
archivePrefix = {arXiv},
       eprint = {astro-ph/0005526},
 primaryClass = {astro-ph},
       adsurl = {https://ui.adsabs.harvard.edu/abs/2000Natur.406..158G},
      adsnote = {Provided by the SAO/NASA Astrophysics Data System}
}

@ARTICLE{thompson2002,
       author = {{Thompson}, C. and {Lyutikov}, M. and {Kulkarni}, S.~R.},
        title = "{Electrodynamics of Magnetars: Implications for the Persistent X-Ray Emission and Spin-down of the Soft Gamma Repeaters and Anomalous X-Ray Pulsars}",
      journal = {\apj},
     keywords = {Gamma Rays: Bursts, Stars: Neutron, X-Rays: Stars, Astrophysics},
         year = 2002,
        month = jul,
       volume = {574},
       number = {1},
        pages = {332-355},
          doi = {10.1086/340586},
archivePrefix = {arXiv},
       eprint = {astro-ph/0110677},
 primaryClass = {astro-ph},
       adsurl = {https://ui.adsabs.harvard.edu/abs/2002ApJ...574..332T},
      adsnote = {Provided by the SAO/NASA Astrophysics Data System}
}

@ARTICLE{paczynski92,
       author = {{Paczynski}, Bohdan},
        title = "{GB 790305 as a Very Strongly Magnetized Neutron Star}",
      journal = {\actaa},
     keywords = {Gamma Ray Bursts, Magnetic Stars, Neutron Stars, Stellar Magnetic Fields, Magellanic Clouds, Photosphere, Stellar Luminosity, Astrophysics},
         year = 1992,
        month = jul,
       volume = {42},
        pages = {145-153},
       adsurl = {https://ui.adsabs.harvard.edu/abs/1992AcA....42..145P},
      adsnote = {Provided by the SAO/NASA Astrophysics Data System}
}

@article{Becker_2006,
	doi = {10.1086/504458},
	url = {https://doi.org/10.1086%2F504458},
	year = 2006,
	month = {jul},
	publisher = {{IOP} Publishing},
	volume = {645},
	number = {2},
	pages = {1421--1435},
	author = {Werner Becker and Michael Kramer and Axel Jessner and Ronald E. Taam and Jian J. Jia and Kwong S. Cheng and Roberto Mignani and Alberto Pellizzoni and Andrea de Luca and Agnieszka S{\l}owikowska and Patrizia A. Caraveo},
	title = {A Multiwavelength Study of the Pulsar {PSR} B1929$\mathplus$10 and Its X-Ray Trail},
	journal = {The Astrophysical Journal},
	abstract = {} }
	
@MISC{Luo2019,
       author = {{Luo}, Jing and {Ransom}, Scott and {Demorest}, Paul and
         {van Haasteren}, Rutger and {Ray}, Paul and {Stovall}, Kevin and
         {Bachetti}, Matteo and {Archibald}, Anne and {Kerr}, Matthew and
         {Colen}, Jonathan and {Jenet}, Fredrick},
        title = "{PINT: High-precision pulsar timing analysis package}",
     keywords = {Software},
         year = 2019,
        month = feb,
          eid = {ascl:1902.007},
        pages = {ascl:1902.007},
archivePrefix = {ascl},
       eprint = {1902.007},
       adsurl = {https://ui.adsabs.harvard.edu/abs/2019ascl.soft02007L},
      adsnote = {Provided by the SAO/NASA Astrophysics Data System}
}
@ARTICLE{peng2016,
       author = {{Peng}, Qiu-he and {Zhang}, Jie and {Liu}, Men-quan and
         {Chou}, Chich-gang},
        title = "{Origin of Strong Magnetic Fields of Magnetars}",
      journal = {arXiv e-prints},
     keywords = {Astrophysics - High Energy Astrophysical Phenomena},
         year = 2016,
        month = dec,
          eid = {arXiv:1612.04656},
        pages = {arXiv:1612.04656},
archivePrefix = {arXiv},
       eprint = {1612.04656},
 primaryClass = {astro-ph.HE},
       adsurl = {https://ui.adsabs.harvard.edu/abs/2016arXiv161204656P},
      adsnote = {Provided by the SAO/NASA Astrophysics Data System}
}

@ARTICLE{rea2011,
       author = {{Rea}, Nanda and {Esposito}, Paolo},
        title = "{Magnetar outbursts: an observational review}",
      journal = {Astrophysics and Space Science Proceedings},
     keywords = {Astrophysics - Astrophysics of Galaxies, Astrophysics - High Energy Astrophysical Phenomena},
         year = 2011,
        month = jan,
       volume = {21},
        pages = {247},
          doi = {10.1007/978-3-642-17251-9_21},
archivePrefix = {arXiv},
       eprint = {1101.4472},
 primaryClass = {astro-ph.GA},
       adsurl = {https://ui.adsabs.harvard.edu/abs/2011ASSP...21..247R},
      adsnote = {Provided by the SAO/NASA Astrophysics Data System}
}


@ARTICLE{lyutikob2003,
       author = {{Lyutikov}, M.},
        title = "{Mass-loading of pulsar winds}",
      journal = {\mnras},
     keywords = {pulsars: general, stars: winds, outflows, Astrophysics},
         year = 2003,
        month = mar,
       volume = {339},
       number = {3},
        pages = {623-632},
          doi = {10.1046/j.1365-8711.2003.06141.x},
archivePrefix = {arXiv},
       eprint = {astro-ph/0202344},
 primaryClass = {astro-ph},
       adsurl = {https://ui.adsabs.harvard.edu/abs/2003MNRAS.339..623L},
      adsnote = {Provided by the SAO/NASA Astrophysics Data System}
}

@Inbook{becker2009,
author="Becker, Werner",
title="X-Ray Emission from Pulsars and Neutron Stars",
bookTitle="Neutron Stars and Pulsars",
year="2009",
publisher="Springer Berlin Heidelberg",
address="Berlin, Heidelberg",
pages="91--140",
abstract="The idea of neutron stars can be traced back to the early 1930s, when Subrahmanyan Chandrasekhar discovered that there is no way for a collapsed stellar core with a mass more than 1.4 times the solar mass, M, to hold itself up against gravity once its nuclear fuel is exhausted. This implies that a star left with M › 1.4 M (the Chandrasekhar limit) would keep collapsing and eventually disappear from view.",
isbn="978-3-540-76965-1",
doi="10.1007/978-3-540-76965-1_6",
url="https://doi.org/10.1007/978-3-540-76965-1_6"
}


@article{Gogus__2016,
	doi = {10.3847/2041-8205/829/2/l25},
	url = {https://doi.org/10.3847%2F2041-8205%2F829%2F2%2Fl25},
	year = 2016,
	month = {sep},
	publisher = {American Astronomical Society},
	volume = {829},
	number = {2},
	pages = {L25},
	author = {Ersin Gö{\u{g}}ü{\c{s}} and Lin Lin and Yuki Kaneko and Chryssa Kouveliotou and Anna L. Watts and Manoneeta Chakraborty and M. Ali Alpar and Daniela Huppenkothen and Oliver J. Roberts and George Younes and Alexander J. van der Horst},
	title = {{MAGNETAR}-{LIKE} X-{RAY} {BURSTS} {FROM} A {ROTATION}-{POWERED} {PULSAR}, {PSR} J1119{\textendash}6127},
	journal = {The Astrophysical Journal},
	abstract = {Two }
}
@article{an2015,
	doi = {10.1088/0004-637x/807/1/93},
	url = {https://doi.org/10.1088%2F0004-637x%2F807%2F1%2F93},
	year = 2015,
	month = {jul},
	publisher = {{IOP} Publishing},
	volume = {807},
	number = {1},
	pages = {93},
	author = {Hongjun An and Robert F. Archibald and Romain Hascoët and Victoria M. Kaspi and Andrei M. Beloborodov and Anne M. Archibald and Andy Beardmore and Steven E. Boggs and Finn E. Christensen and William W. Craig and Niel Gehrels and Charles J. Hailey and Fiona A. Harrison and Jamie Kennea and Chryssa Kouveliotou and Daniel Stern and George Younes and William W. Zhang},
	title = {{DEEPNuSTARANDSWIFTMONITORING} {OBSERVATIONS} {OF} {THE} {MAGNETAR} 1E 1841-045},
	journal = {The Astrophysical Journal},
	abstract = {}
}

@ARTICLE{Torne2020,
       author = {{Torne}, Pablo and {Liu}, Kuo and {Cognard}, Ismael and
         {Desvignes}, Gregory and {Karuppusamy}, Ramesh and {Kramer}, Michael and
         {Paubert}, Gabriel and {Lyne}, Andrew and {Rajwade}, Kaustubh and
         {Stappers}, Ben and {Eatough}, Ralph and {Sanchez}, Salvador and
         {Macias-Perez}, Juan and {Ladjelate}, Bilal and {Berta}, Stefano and
         {Sanchez-Portal}, Miguel and {Navarro}, Santiago and
         {Bongiovanni}, Angel and {Kramer}, Carsten and {Schuster}, Karl},
        title = "{IRAM 30m telescope detection of the magnetar Swift J1818.0-1607 between 86 and 154 GHz}",
      journal = {The Astronomer's Telegram},
     keywords = {Neutron Star, Soft Gamma-ray Repeater, Transient, Pulsar, Young Stellar Object, Magnetar},
         year = 2020,
        month = sep,
       volume = {14001},
        pages = {1},
       adsurl = {https://ui.adsabs.harvard.edu/abs/2020ATel14001....1T},
      adsnote = {Provided by the SAO/NASA Astrophysics Data System}
}


@ARTICLE{Liu2020,
       author = {{Liu}, Kuo and {Karuppusamy}, Ramesh and {Cognard}, Ismael and
         {Desvignes}, Gregory and {Kramer}, Michael and {Lyne}, Andrew and
         {Rajwade}, Kaustubh and {Stappers}, Ben and {Torne}, Pablo},
        title = "{Polarimetric detection of the magnetar Swift J1818.0-1607 from 4 to 22 GHz with the Effelsberg 100-m Telescope}",
      journal = {The Astronomer's Telegram},
     keywords = {Neutron Star, Pulsar, Magnetar},
         year = 2020,
        month = sep,
       volume = {13997},
        pages = {1},
       adsurl = {https://ui.adsabs.harvard.edu/abs/2020ATel13997....1L},
      adsnote = {Provided by the SAO/NASA Astrophysics Data System}
}

@ARTICLE{maron2000,
       author = {{Maron}, O. and {Kijak}, J. and {Kramer}, M. and {Wielebinski}, R.},
        title = "{Pulsar spectra of radio emission}",
      journal = {\aaps},
     keywords = {PULSARS: GENERAL, RADIATION MECHANISMS: NON-THERMAL, Astrophysics},
         year = 2000,
        month = dec,
       volume = {147},
        pages = {195-203},
          doi = {10.1051/aas:2000298},
archivePrefix = {arXiv},
       eprint = {astro-ph/0010233},
 primaryClass = {astro-ph},
       adsurl = {https://ui.adsabs.harvard.edu/abs/2000A&AS..147..195M},
      adsnote = {Provided by the SAO/NASA Astrophysics Data System}
}

@ARTICLE{levin2010,
       author = {{Levin}, Lina and {Bailes}, Matthew and {Bates}, Samuel and
         {Bhat}, N.~D. Ramesh and {Burgay}, Marta and {Burke-Spolaor}, Sarah and
         {D'Amico}, Nichi and {Johnston}, Simon and {Keith}, Michael and
         {Kramer}, Michael and {Milia}, Sabrina and {Possenti}, Andrea and
         {Rea}, Nanda and {Stappers}, Ben and {van Straten}, Willem},
        title = "{A Radio-loud Magnetar in X-ray Quiescence}",
      journal = {\apjl},
     keywords = {pulsars: individual: 1E 1547.0─5408 PSR J1622─4950 XTE J1810─197, stars: magnetars, stars: neutron, Astrophysics - High Energy Astrophysical Phenomena},
         year = 2010,
        month = sep,
       volume = {721},
       number = {1},
        pages = {L33-L37},
          doi = {10.1088/2041-8205/721/1/L33},
archivePrefix = {arXiv},
       eprint = {1007.1052},
 primaryClass = {astro-ph.HE},
       adsurl = {https://ui.adsabs.harvard.edu/abs/2010ApJ...721L..33L},
      adsnote = {Provided by the SAO/NASA Astrophysics Data System}
}


@ARTICLE{eatough2013,
       author = {{Eatough}, R.~P. and {Falcke}, H. and {Karuppusamy}, R. and
         {Lee}, K.~J. and {Champion}, D.~J. and {Keane}, E.~F. and
         {Desvignes}, G. and {Schnitzeler}, D.~H.~F.~M. and {Spitler}, L.~G. and
         {Kramer}, M. and {Klein}, B. and {Bassa}, C. and {Bower}, G.~C. and
         {Brunthaler}, A. and {Cognard}, I. and {Deller}, A.~T. and
         {Demorest}, P.~B. and {Freire}, P.~C.~C. and {Kraus}, A. and
         {Lyne}, A.~G. and {Noutsos}, A. and {Stappers}, B. and {Wex}, N.},
        title = "{A strong magnetic field around the supermassive black hole at the centre of the Galaxy}",
      journal = {\nat},
     keywords = {Astrophysics - Galaxy Astrophysics, Astrophysics - High Energy Astrophysical Phenomena},
         year = 2013,
        month = sep,
       volume = {501},
       number = {7467},
        pages = {391-394},
          doi = {10.1038/nature12499},
archivePrefix = {arXiv},
       eprint = {1308.3147},
 primaryClass = {astro-ph.GA},
       adsurl = {https://ui.adsabs.harvard.edu/abs/2013Natur.501..391E},
      adsnote = {Provided by the SAO/NASA Astrophysics Data System}
}


@ARTICLE{bochenek2020,
       author = {{Bochenek}, Christopher D. and {Ravi}, Vikram and
         {Belov}, Konstantin V. and {Hallinan}, Gregg and {Kocz}, Jonathon and
         {Kulkarni}, Shri R. and {McKenna}, Dan L.},
        title = "{A fast radio burst associated with a Galactic magnetar}",
      journal = {arXiv e-prints},
     keywords = {Astrophysics - High Energy Astrophysical Phenomena},
         year = 2020,
        month = may,
          eid = {arXiv:2005.10828},
        pages = {arXiv:2005.10828},
archivePrefix = {arXiv},
       eprint = {2005.10828},
 primaryClass = {astro-ph.HE},
       adsurl = {https://ui.adsabs.harvard.edu/abs/2020arXiv200510828B},
      adsnote = {Provided by the SAO/NASA Astrophysics Data System}
}


@ARTICLE{levin2012,
       author = {{Levin}, L. and {Bailes}, M. and {Bates}, S.~D. and {Bhat}, N.~D.~R. and
         {Burgay}, M. and {Burke-Spolaor}, S. and {D'Amico}, N. and
         {Johnston}, S. and {Keith}, M.~J. and {Kramer}, M. and {Milia}, S. and
         {Possenti}, A. and {Stappers}, B. and {van Straten}, W.},
        title = "{Radio emission evolution, polarimetry and multifrequency single pulse analysis of the radio magnetar PSR J1622-4950}",
      journal = {\mnras},
     keywords = {stars: magnetars, pulsars: individual: PSR J1622-4950, Astrophysics - High Energy Astrophysical Phenomena},
         year = 2012,
        month = may,
       volume = {422},
       number = {3},
        pages = {2489-2500},
          doi = {10.1111/j.1365-2966.2012.20807.x},
archivePrefix = {arXiv},
       eprint = {1204.2045},
 primaryClass = {astro-ph.HE},
       adsurl = {https://ui.adsabs.harvard.edu/abs/2012MNRAS.422.2489L},
      adsnote = {Provided by the SAO/NASA Astrophysics Data System}
}
@article{torne2015,
    author = {Torne, P. and Eatough, R. P. and Karuppusamy, R. and Kramer, M. and Paubert, G. and Klein, B. and Desvignes, G. and Champion, D. J. and Wiesemeyer, H. and Kramer, C. and Spitler, L. G. and Thum, C. and Güsten, R. and Schuster, K. F. and Cognard, I.},
    title = "{Simultaneous multifrequency radio observations of the Galactic Centre magnetar SGR J1745−2900}",
    journal = {Monthly Notices of the Royal Astronomical Society: Letters},
    volume = {451},
    number = {1},
    pages = {L50-L54},
    year = {2015},
    month = {05},
    abstract = "{We report on simultaneous observations of the magnetar SGR J1745−2900 at frequencies ν = 2.54–225 GHz using the Nançay 94-m equivalent, Effelsberg 100-m, and IRAM 30-m radio telescopes. We detect SGR J1745−2900 up to 225 GHz, the highest radio frequency detection of pulsed emission from a neutron star to date. Strong single pulses are also observed from 4.85 up to 154 GHz. At the millimetre band we see significant flux density and spectral index variabilities on time scales of tens of minutes, plus variability between days at all frequencies. Additionally, SGR J1745−2900 was observed at a different epoch at frequencies ν = 296–472 GHz using the APEX 12-m radio telescope, with no detections. Over the period MJD 56859.83-56862.93 the fitted spectrum yields a spectral index of 〈α〉 = −0.4 ± 0.1 for a reference flux density 〈S154〉 = 1.1 ± 0.2 mJy (with Sν ∝ να), a flat spectrum alike those of the other radio-loud magnetars. These results show that strongly magnetized neutron stars can be effective radio emitters at frequencies notably higher to what was previously known and that pulsar searches in the Galactic Centre are possible in the millimetre band.}",
    issn = {1745-3925},
    doi = {10.1093/mnrasl/slv063},
    url = {https://doi.org/10.1093/mnrasl/slv063},
    eprint = {https://academic.oup.com/mnrasl/article-pdf/451/1/L50/2808355/slv063.pdf},
}
@article{lazaridis2008,
    author = {Lazaridis, K. and Jessner, A. and Kramer, M. and Stappers, B. W. and Lyne, A. G. and Jordan, C. A. and Serylak, M. and Zensus, J. A.},
    title = "{Radio spectrum of the AXP J1810−197 and of its profile components}",
    journal = {Monthly Notices of the Royal Astronomical Society},
    volume = {390},
    number = {2},
    pages = {839-846},
    year = {2008},
    month = {10},
    abstract = "{As part of a European Pulsar Network (EPN) multitelescope observing campaign, we performed simultaneous multifrequency observations at 1.4, 4.9 and 8.4 GHz during 2006 July and quasi-simultaneous multifrequency observations from 2006 December until 2007 July at 2.7, 4.9, 8.4, 14.6 and 32 GHz, in order to obtain flux density measurements and spectral features of the 5.5 s radio-emitting magnetar AXP J1810−197. We monitored the spectral evolution of its pulse shape which consists of a main pulse (MP) and an interpulse (IP). We present the flux density spectrum of the average profile and of the separate pulse components of this first-known radio-emitting transient anomalous X-ray pulsar. We observe a decrease in the flux density by a factor of 10 within 8 m and follow the disappearance of one of the two main components. Although the spectrum is generally flat, we observe large fluctuations of the spectral index with time. For that reason, we have made some measurements of modulation indices for individual pulses in order to investigate the origin of these fluctuations.}",
    issn = {0035-8711},
    doi = {10.1111/j.1365-2966.2008.13794.x},
    url = {https://doi.org/10.1111/j.1365-2966.2008.13794.x},
    eprint = {https://academic.oup.com/mnras/article-pdf/390/2/839/3454123/mnras0390-0839.pdf},
}

@INPROCEEDINGS{kramer09,
       author = {{Kramer}, Michael},
        title = "{Pulsars \& Magnetars}",
     keywords = {Pulsars: general, stars: neutron, stars: magnetic fields},
    booktitle = {Cosmic Magnetic Fields: From Planets, to Stars and Galaxies},
         year = 2009,
       editor = {{Strassmeier}, Klaus G. and {Kosovichev}, Alexander G. and
         {Beckman}, John E.},
       series = {IAU Symposium},
       volume = {259},
        month = apr,
        pages = {485-492},
          doi = {10.1017/S1743921309031159},
       adsurl = {https://ui.adsabs.harvard.edu/abs/2009IAUS..259..485K},
      adsnote = {Provided by the SAO/NASA Astrophysics Data System}
}

@MISC{heasoft14,
       author = {NASA High Energy Astrophysics Science Archive Research Center {HEASARC}},
        title = "{HEAsoft: Unified Release of FTOOLS and XANADU}",
     keywords = {Software, NASA},
         year = 2014,
        month = aug,
          eid = {ascl:1408.004},
        pages = {ascl:1408.004},
archivePrefix = {ascl},
       eprint = {1408.004},
       adsurl = {https://ui.adsabs.harvard.edu/abs/2014ascl.soft08004N},
      adsnote = {Provided by the SAO/NASA Astrophysics Data System}
}


@ARTICLE{lin13,
       author = {{Lin}, Lin and {G{\"o}{\v{g}}{\"u}{\textcommabelow s}}, Ersin and
         {Kaneko}, Yuki and {Kouveliotou}, Chryssa},
        title = "{Detailed Investigations of the Dimmest Bursts from Two Magnetars, SGR J0501+4516 and SGR J1550-5418}",
      journal = {\apj},
     keywords = {pulsars: individual: SGR J0501+4516 SGR J1550─5418, stars: neutron, X-rays: bursts, Astrophysics - High Energy Astrophysical Phenomena},
         year = 2013,
        month = dec,
       volume = {778},
       number = {2},
          eid = {105},
        pages = {105},
          doi = {10.1088/0004-637X/778/2/105},
archivePrefix = {arXiv},
       eprint = {1310.2244},
 primaryClass = {astro-ph.HE},
       adsurl = {https://ui.adsabs.harvard.edu/abs/2013ApJ...778..105L},
      adsnote = {Provided by the SAO/NASA Astrophysics Data System}
}

@INPROCEEDINGS{gendreau2016,
       author = {{Gendreau}, Keith C. and {Arzoumanian}, Zaven and {Adkins}, Phillip W. and
         {Albert}, Cheryl L. and {Anders}, John F. and {Aylward}, Andrew T. and
         {Baker}, Charles L. and {Balsamo}, Erin R. and {Bamford}, William A. and
         {Benegalrao}, Suyog S. and {Berry}, Daniel L. and {Bhalwani}, Shiraz and
         {Black}, J. Kevin and {Blaurock}, Carl and {Bronke}, Ginger M. and
         {Brown}, Gary L. and {Budinoff}, Jason G. and {Cantwell}, Jeffrey D. and
         {Cazeau}, Thoniel and {Chen}, Philip T. and {Clement}, Thomas G. and
         {Colangelo}, Andrew T. and {Coleman}, Jerry S. and
         {Coopersmith}, Jonathan D. and {Dehaven}, William E. and
         {Doty}, John P. and {Egan}, Mark D. and {Enoto}, Teruaki and
         {Fan}, Terry W. and {Ferro}, Deneen M. and {Foster}, Richard and
         {Galassi}, Nicholas M. and {Gallo}, Luis D. and {Green}, Chris M. and
         {Grosh}, Dave and {Ha}, Kong Q. and {Hasouneh}, Monther A. and
         {Heefner}, Kristofer B. and {Hestnes}, Phyllis and {Hoge}, Lisa J. and
         {Jacobs}, Tawanda M. and {J{\o}rgensen}, John L. and
         {Kaiser}, Michael A. and {Kellogg}, James W. and {Kenyon}, Steven J. and
         {Koenecke}, Richard G. and {Kozon}, Robert P. and {LaMarr}, Beverly and
         {Lambertson}, Mike D. and {Larson}, Anne M. and {Lentine}, Steven and
         {Lewis}, Jesse H. and {Lilly}, Michael G. and {Liu}, Kuochia Alice and
         {Malonis}, Andrew and {Manthripragada}, Sridhar S. and
         {Markwardt}, Craig B. and {Matonak}, Bryan D. and {Mcginnis}, Isaac E. and
         {Miller}, Roger L. and {Mitchell}, Alissa L. and {Mitchell}, Jason W. and
         {Mohammed}, Jelila S. and {Monroe}, Charles A. and
         {Montt de Garcia}, Kristina M. and {Mul{\'e}}, Peter D. and
         {Nagao}, Louis T. and {Ngo}, Son N. and {Norris}, Eric D. and
         {Norwood}, Dwight A. and {Novotka}, Joseph and {Okajima}, Takashi and
         {Olsen}, Lawrence G. and {Onyeachu}, Chimaobi O. and
         {Orosco}, Henry Y. and {Peterson}, Jacqualine R. and
         {Pevear}, Kristina N. and {Pham}, Karen K. and {Pollard}, Sue E. and
         {Pope}, John S. and {Powers}, Daniel F. and {Powers}, Charles E. and
         {Price}, Samuel R. and {Prigozhin}, Gregory Y. and
         {Ramirez}, Julian B. and {Reid}, Winston J. and {Remillard}, Ronald A. and
         {Rogstad}, Eric M. and {Rosecrans}, Glenn P. and {Rowe}, John N. and
         {Sager}, Jennifer A. and {Sanders}, Claude A. and {Savadkin}, Bruce and
         {Saylor}, Maxine R. and {Schaeffer}, Alexander F. and
         {Schweiss}, Nancy S. and {Semper}, Sean R. and {Serlemitsos}, Peter J. and
         {Shackelford}, Larry V. and {Soong}, Yang and {Struebel}, Jonathan and
         {Vezie}, Michael L. and {Villasenor}, Joel S. and
         {Winternitz}, Luke B. and {Wofford}, George I. and
         {Wright}, Michael R. and {Yang}, Mike Y. and {Yu}, Wayne H.},
        title = "{The Neutron star Interior Composition Explorer (NICER): design and development}",
    booktitle = {Space Telescopes and Instrumentation 2016: Ultraviolet to Gamma Ray},
         year = 2016,
       series = {Society of Photo-Optical Instrumentation Engineers (SPIE) Conference Series},
       volume = {9905},
        month = jul,
          eid = {99051H},
        pages = {99051H},
          doi = {10.1117/12.2231304},
       adsurl = {https://ui.adsabs.harvard.edu/abs/2016SPIE.9905E..1HG},
      adsnote = {Provided by the SAO/NASA Astrophysics Data System}
}

@ARTICLE{karuppusamy2020,
       author = {{Karuppusamy}, Ramesh and {Desvignes}, Gregory and {Kramer}, Michael and
         {Porayko}, Nataliya and {Champion}, David and {Torne}, Pablo and
         {Stappers}, Ben and {van der Horst}, Alexander and
         {Kouveliotou}, Chryssa and {O'Connor}, Brendan},
        title = "{Detection of pulsed radio emission from new magnetar Swift J1818.0-1607}",
      journal = {The Astronomer's Telegram},
     keywords = {Neutron Star, Soft Gamma-ray Repeater, Star, Pulsar, Magnetar},
         year = 2020,
        month = mar,
       volume = {13553},
        pages = {1},
       adsurl = {https://ui.adsabs.harvard.edu/abs/2020ATel13553....1K},
      adsnote = {Provided by the SAO/NASA Astrophysics Data System}
}

@ARTICLE{enoto2020,
       author = {{Enoto}, Teruaki and {Sakamoto}, Takanori and {Younes}, George and
         {Hu}, Chin-Ping and {Ho}, Wynn C.~G. and {Gendreau}, Keith and
         {Arzoumanian}, Zaven and {Guver}, Tolga and {Guillot}, Sebastien and
         {Altamirano}, Diego and {Ray}, Paul S. and {Ng}, Mason and
         {Chakrabarty}, Deepto and {Jaisawal}, Gaurava K. and {Bogdanov}, Slavko},
        title = "{NICER detection of 1.36 sec periodicity from a new magnetar, Swift J1818.0-1607}",
      journal = {The Astronomer's Telegram},
     keywords = {Soft Gamma-ray Repeater},
         year = 2020,
        month = mar,
       volume = {13551},
        pages = {1},
       adsurl = {https://ui.adsabs.harvard.edu/abs/2020ATel13551....1E},
      adsnote = {Provided by the SAO/NASA Astrophysics Data System}
}

@ARTICLE{camilo2006,
       author = {{Camilo}, Fernando and {Ransom}, Scott M. and {Halpern}, Jules P. and
         {Reynolds}, John and {Helfand}, David J. and {Zimmerman}, Neil and
         {Sarkissian}, John},
        title = "{Transient pulsed radio emission from a magnetar}",
      journal = {\nat},
     keywords = {Astrophysics},
         year = 2006,
        month = aug,
       volume = {442},
       number = {7105},
        pages = {892-895},
          doi = {10.1038/nature04986},
archivePrefix = {arXiv},
       eprint = {astro-ph/0605429},
 primaryClass = {astro-ph},
       adsurl = {https://ui.adsabs.harvard.edu/abs/2006Natur.442..892C},
      adsnote = {Provided by the SAO/NASA Astrophysics Data System}
}


@ARTICLE{duncan1992,
       author = {{Duncan}, Robert C. and {Thompson}, Christopher},
        title = "{Formation of Very Strongly Magnetized Neutron Stars: Implications for Gamma-Ray Bursts}",
      journal = {\apjl},
     keywords = {Dynamo Theory, Gamma Ray Bursts, Neutron Stars, Star Formation, Stellar Magnetic Fields, Gravitational Collapse, Stellar Rotation, Supernovae, Astrophysics, GAMMA RAYS: BURSTS, MAGNETIC FIELDS, STARS: NEUTRON, STARS: PULSARS: GENERAL},
         year = 1992,
        month = jun,
       volume = {392},
        pages = {L9},
          doi = {10.1086/186413},
       adsurl = {https://ui.adsabs.harvard.edu/abs/1992ApJ...392L...9D},
      adsnote = {Provided by the SAO/NASA Astrophysics Data System}
}

@ARTICLE{kaspi2017,
       author = {{Kaspi}, Victoria M. and {Beloborodov}, Andrei M.},
        title = "{Magnetars}",
      journal = {\araa},
     keywords = {Astrophysics - High Energy Astrophysical Phenomena},
         year = 2017,
        month = aug,
       volume = {55},
       number = {1},
        pages = {261-301},
          doi = {10.1146/annurev-astro-081915-023329},
archivePrefix = {arXiv},
       eprint = {1703.00068},
 primaryClass = {astro-ph.HE},
       adsurl = {https://ui.adsabs.harvard.edu/abs/2017ARA&A..55..261K},
      adsnote = {Provided by the SAO/NASA Astrophysics Data System}
}

@ARTICLE{scargle12,
       author = {{Scargle}, Jeffrey D. and {Norris}, Jay P. and {Jackson}, Brad and
         {Chiang}, James},
        title = "{Studies in Astronomical Time Series Analysis. VI. Bayesian Block Representations}",
      journal = {\apj},
     keywords = {methods: data analysis, methods: statistical, Astrophysics - Instrumentation and Methods for Astrophysics, Mathematics - Statistics Theory, G.3},
         year = 2013,
        month = feb,
       volume = {764},
       number = {2},
          eid = {167},
        pages = {167},
          doi = {10.1088/0004-637X/764/2/167},
archivePrefix = {arXiv},
       eprint = {1207.5578},
 primaryClass = {astro-ph.IM},
       adsurl = {https://ui.adsabs.harvard.edu/abs/2013ApJ...764..167S},
      adsnote = {Provided by the SAO/NASA Astrophysics Data System}
}


@misc{hu2020,
    title={NICER Observation of the Temporal and Spectral Evolution of Swift J1818.0-1607: a Missing Link between Magnetars and Rotation Powered Pulsars},
    author={Chin-Ping Hu and Beste Begicarslan and Tolga Guver and Teruaki Enoto and George Younes and Takanori Sakamoto and Paul S. Ray and Tod E. Strohmayer and Sebastien Guillot and Zaven Arzoumanian and David M. Palmer and Keith C. Gendreau and C. Malacaria and Zorawar Wadiasingh and Gaurava K. Jaisawal and Walid A. Majid},
    year={2020},
    eprint={2009.00231},
    archivePrefix={arXiv},
    primaryClass={astro-ph.HE}
}

@ARTICLE{esposito20,
       author = {{Esposito}, P. and {Rea}, N. and {Borghese}, A. and {Coti Zelati}, F. and
         {Vigan{\`o}}, D. and {Israel}, G.~L. and {Tiengo}, A. and
         {Ridolfi}, A. and {Possenti}, A. and {Burgay}, M. and {G{\"o}tz}, D. and
         {Pintore}, F. and {Stella}, L. and {Dehman}, C. and {Ronchi}, M. and
         {Campana}, S. and {Garcia-Garcia}, A. and {Graber}, V. and
         {Mereghetti}, S. and {Perna}, R. and {Rodr{\'\i}guez Castillo}, G.~A. and
         {Turolla}, R. and {Zane}, S.},
        title = "{A Very Young Radio-loud Magnetar}",
      journal = {\apjl},
     keywords = {1814, 1353, 992, 1108, 1851, Astrophysics - High Energy Astrophysical Phenomena},
         year = 2020,
        month = jun,
       volume = {896},
       number = {2},
          eid = {L30},
        pages = {L30},
          doi = {10.3847/2041-8213/ab9742},
archivePrefix = {arXiv},
       eprint = {2004.04083},
 primaryClass = {astro-ph.HE},
       adsurl = {https://ui.adsabs.harvard.edu/abs/2020ApJ...896L..30E},
      adsnote = {Provided by the SAO/NASA Astrophysics Data System}
}
@ARTICLE{lower2020,
       author = {{Lower}, Marcus E. and {Shannon}, Ryan M. and {Johnston}, Simon and
         {Bailes}, Matthew},
        title = "{Spectropolarimetric Properties of Swift J1818.0-1607: A 1.4 s Radio Magnetar}",
      journal = {\apjl},
     keywords = {1306, 1353, 992, 1108, Astrophysics - High Energy Astrophysical Phenomena},
         year = {2020},
        month = jun,
       volume = {896},
       number = {2},
          eid = {L37},
        pages = {L37},
          doi = {10.3847/2041-8213/ab9898},
archivePrefix = {arXiv},
       eprint = {2004.11522},
 primaryClass = {astro-ph.HE},
       adsurl = {https://ui.adsabs.harvard.edu/abs/2020ApJ...896L..37L},
      adsnote = {Provided by the SAO/NASA Astrophysics Data System}
}


@Article{pearlman2018,
  author    = {Aaron B. Pearlman and Walid A. Majid and Thomas A. Prince and Jonathon Kocz and Shinji Horiuchi},
  title     = {Pulse Morphology of the Galactic Center Magnetar {PSR} J1745{\textendash}2900},
  journal   = {The Astrophysical Journal},
  year      = {2018},
  volume    = {866},
  number    = {2},
  pages     = {160},
  month     = {oct},
  doi       = {10.3847/1538-4357/aade4d},
  publisher = {American Astronomical Society},
}

@Article{pearlman2019b,
  author        = {{Pearlman}, Aaron B. and {Majid}, Walid A. and {Prince}, Thomas A.},
  title         = {{Observations of Radio Magnetars with the Deep Space Network}},
  journal       = {Advances in Astronomy},
  year          = {2019},
  volume        = {2019},
  pages         = {6325183},
  month         = jun,
  adsnote       = {Provided by the SAO/NASA Astrophysics Data System},
  adsurl        = {https://ui.adsabs.harvard.edu/abs/2019AdAst2019E..23P},
  archiveprefix = {arXiv},
  doi           = {10.1155/2019/6325183},
  eid           = {6325183},
  eprint        = {1902.10712},
  keywords      = {Astrophysics - High Energy Astrophysical Phenomena},
  primaryclass  = {astro-ph.HE},
}

@Article{Hotan+2004,
  author        = {{Hotan}, A.~W. and {van Straten}, W. and {Manchester}, R.~N.},
  title         = {{PSRCHIVE and PSRFITS: An Open Approach to Radio Pulsar Data Storage and Analysis}},
  journal       = {\pasa},
  year          = {2004},
  volume        = {21},
  number        = {3},
  pages         = {302-309},
  month         = jan,
  adsnote       = {Provided by the SAO/NASA Astrophysics Data System},
  adsurl        = {https://ui.adsabs.harvard.edu/abs/2004PASA...21..302H},
  archiveprefix = {arXiv},
  doi           = {10.1071/AS04022},
  eprint        = {astro-ph/0404549},
  keywords      = {pulsars: general, methods: data analysis, Astrophysics},
  primaryclass  = {astro-ph},
}


@misc{pearlman2020bright,
    title={Bright X-ray and Radio Pulses from a Recently Reactivated Magnetar},
    author={Aaron B. Pearlman and Walid A. Majid and Thomas A. Prince and Paul S. Ray and Jonathon Kocz and Shinji Horiuchi and Charles J. Naudet and Tolga Güver and Teruaki Enoto and Zaven Arzoumanian and Keith C. Gendreau and Wynn C. G. Ho},
    year={2020},
    eprint={2005.08410},
    archivePrefix={arXiv},
    primaryClass={astro-ph.HE}
}

@ARTICLE{Majid+2020,
       author = {{Majid}, Walid A. and {Pearlman}, Aaron B. and {Nimmo}, Kenzie and
         {Hessels}, Jason W.~T. and {Prince}, Thomas A. and
         {Naudet}, Charles J. and {Kocz}, Jonathon and {Horiuchi}, Shinji},
        title = "{A Dual-band Radio Observation of FRB 121102 with the Deep Space Network and the Detection of Multiple Bursts}",
      journal = {\apjl},
     keywords = {2008, Astrophysics - High Energy Astrophysical Phenomena},
         year = 2020,
        month = jul,
       volume = {897},
       number = {1},
          eid = {L4},
        pages = {L4},
          doi = {10.3847/2041-8213/ab9a4a},
archivePrefix = {arXiv},
       eprint = {2004.06845},
 primaryClass = {astro-ph.HE},
       adsurl = {https://ui.adsabs.harvard.edu/abs/2020ApJ...897L...4M},
      adsnote = {Provided by the SAO/NASA Astrophysics Data System}
}

@ARTICLE{Majid+2017,
       author = {{Majid}, Walid A. and {Pearlman}, Aaron B. and {Dobreva}, Tatyana and
         {Horiuchi}, Shinji and {Kocz}, Jonathon and {Lippuner}, Jonas and
         {Prince}, Thomas A.},
        title = "{Post-outburst Radio Observations of the High Magnetic Field Pulsar PSR J1119-6127}",
      journal = {\apjl},
     keywords = {ISM: individual objects: G292.2-0.5, ISM: supernova remnants, pulsars: individual: PSR J1119-6127, stars: magnetars, stars: neutron, Astrophysics - High Energy Astrophysical Phenomena, Astrophysics - Solar and Stellar Astrophysics},
         year = 2017,
        month = jan,
       volume = {834},
       number = {1},
          eid = {L2},
        pages = {L2},
          doi = {10.3847/2041-8213/834/1/L2},
archivePrefix = {arXiv},
       eprint = {1612.02868},
 primaryClass = {astro-ph.HE},
       adsurl = {https://ui.adsabs.harvard.edu/abs/2017ApJ...834L...2M},
      adsnote = {Provided by the SAO/NASA Astrophysics Data System}
}

@ARTICLE{rajwade2022,
       author = {{Rajwade}, K.~M. and {Stappers}, B.~W. and {Lyne}, A.~G. and {Shaw}, B. and {Mickaliger}, M.~B. and {Liu}, K. and {Kramer}, M. and {Desvignes}, G. and {Karuppusamy}, R. and {Enoto}, T. and {G{\"u}ver}, T. and {Hu}, Chin-Ping and {Surnis}, M.~P.},
        title = "{Long term radio and X-ray evolution of the magnetar Swift J1818.0-1607}",
      journal = {\mnras},
     keywords = {stars: magnetars, stars: neutron, pulsars: general, Astrophysics - High Energy Astrophysical Phenomena},
         year = 2022,
        month = may,
       volume = {512},
       number = {2},
        pages = {1687-1695},
          doi = {10.1093/mnras/stac446},
archivePrefix = {arXiv},
       eprint = {2202.07548},
 primaryClass = {astro-ph.HE},
       adsurl = {https://ui.adsabs.harvard.edu/abs/2022MNRAS.512.1687R},
      adsnote = {Provided by the SAO/NASA Astrophysics Data System}
}


@Comment{jabref-meta: databaseType:bibtex;}
